@book{Bujance:05,
    author          = {Bujance, Emilio and Costa, Antonio F. and Bujance, José A. and Martínez, Ernesto},
    title           = {Elementos de Matemática Discreta},
    year            = {2005},
    isbn            = {8496094618},
    edition         = {3rd},
    publisher       = {Editorial Sanz y Torres, S.L.},
}

@book{Cormen:01,
    author          = {Cormen, Thomas H. and Stein, Clifford and Rivest, Ronald L. and Leiserson, Charles E.},
    title           = {Introduction to Algorithms},
    year            = {2001},
    isbn            = {0070131511},
    edition         = {2nd},
    publisher       = {McGraw-Hill Higher Education},
} 

@book{OSullivan:08,
    author          = {O'Sullivan, Bryan and Goerzen, John and Stewart, Don},
    title           = {Real World Haskell},
    year            = {2008},
    isbn            = {9780596514983},
    edition         = {1st},
    publisher       = {O'Reilly Medi, Inc.},
}

@book{Bovet:05,
    author          = {Bovet, Daniel P. and Cesati, Marco},
    title           = {Understanding the Linux kernel},
    year            = {2005},
    isbn            = {9780596005658},
    edition         = {3rd},
    publisher       = {O'Reilly Medi, Inc.},
}

@article{DBLP:journals/acta/BayerM72,
  author    = {Rudolf Bayer and
               Edward M. McCreight},
  title     = {Organization and Maintenance of Large Ordered Indices},
  journal   = {Acta Inf.},
  volume    = {1},
  year      = {1972},
  pages     = {173-189},
  ee        = {http://dx.doi.org/10.1007/BF00288683},
  bibsource = {DBLP, http://dblp.uni-trier.de}
}

@MISC{Lledo:09:ALVtreeHS,
    author          = {Lledó, Gerard},
    title           = {AVLTree.hs},
    month           = may,
    year            = {2009},
    howpublished    = "\url{https://gist.github.com/109729}",
    note            = "[Online; accedido 21-Enero-2010]",
}
